<record xmlns="http://www.loc.gov/MARC21/slim" xmlns:xsi="http://www.w3.org/2001/XMLSchema-instance" xsi:schemaLocation="http://www.loc.gov/MARC21/slim http://www.loc.gov/standards/marcxml/schema/MARC21slim.xsd"><leader>01225nam a2200277   4500</leader><controlfield tag="001">001628357</controlfield><controlfield tag="003">NNU</controlfield><controlfield tag="006">m        d        </controlfield><controlfield tag="007">cr cn |||m|||a</controlfield><controlfield tag="008">140707s1948    ua      o     000 0 ara d</controlfield><datafield ind1=" " ind2=" " tag="040"><subfield code="a">NNU</subfield><subfield code="b">eng</subfield><subfield code="c">NNU</subfield></datafield><datafield ind1=" " ind2="4" tag="050"><subfield code="a">PJ6622</subfield><subfield code="b">.F37 1948</subfield></datafield><datafield ind1=" " ind2=" " tag="090"><subfield code="a">PJ6622</subfield><subfield code="b">.F37 1948</subfield></datafield><datafield ind1="1" ind2=" " tag="100"><subfield code="a">F&#257;ris, Bishr.</subfield></datafield><datafield ind1="1" ind2="0" tag="245"><subfield code="a">I&#7779;&#7789;il&#257;&#7717;&#257;t &#699;Arab&#299;yah li-fann al-ta&#7779;w&#299;r</subfield><subfield code="h">[electronic resource] /</subfield><subfield code="c">Bishr F&#257;ris.</subfield></datafield><datafield ind1="1" ind2="5" tag="246"><subfield code="a">Lexique fran&#231;ais-arabe renfermant certains termes techniques relatifs aux arts figur&#233;s</subfield></datafield><datafield ind1=" " ind2=" " tag="260"><subfield code="a">al-Q&#257;hirah :</subfield><subfield code="b">al-Ma&#699;had al-&#699;Ilm&#299; al-Farans&#299; lil-&#256;th&#257;r al-Sharq&#299;yah,</subfield><subfield code="c">1948.</subfield></datafield><datafield ind1=" " ind2=" " tag="300"><subfield code="a">online resource (15 p.)</subfield></datafield><datafield ind1=" " ind2=" " tag="500"><subfield code="a">Part of the Arabic Collections Online (ACO) project, contributed by New York Univeristy Libraries.</subfield></datafield><datafield ind1=" " ind2=" " tag="533"><subfield code="a">Electronic reproduction.</subfield><subfield code="b">New York, N.Y. :</subfield><subfield code="c">New York University,</subfield><subfield code="d">2014.</subfield><subfield code="5">NNU</subfield></datafield><datafield ind1=" " ind2="0" tag="650"><subfield code="a">Art</subfield><subfield code="v">Dictionaries</subfield><subfield code="x">Arabic.</subfield></datafield><datafield ind1="2" ind2=" " tag="710"><subfield code="a">New York University.</subfield><subfield code="b">Libraries.</subfield></datafield><datafield ind1="0" ind2=" " tag="730"><subfield code="a">Arabic Collections Online.</subfield></datafield><datafield ind1="0" ind2="8" tag="776"><subfield code="i">Print version:</subfield><subfield code="a">F&#257;ris, Bishr.</subfield><subfield code="t">I&#7779;&#7789;il&#257;&#7717;&#257;t &#699;Arab&#299;yah li-fann al-ta&#7779;w&#299;r</subfield><subfield code="w">(NNU)001628357</subfield></datafield><datafield ind1="4" ind2="0" tag="856"><subfield code="u">http://hdl.handle.net/2333.1/g1jwswhr</subfield></datafield><datafield ind1=" " ind2=" " tag="959"><subfield code="a">NNU</subfield><subfield code="b">WEB</subfield><subfield code="c">GENI</subfield><subfield code="t">0</subfield><subfield code="m">Electronic access</subfield><subfield code="s">01</subfield></datafield></record>